@URL{Miktex,
  title={Miktex},
  address ={http://www.miktex.org/setup.html},
}

@URL{ConTEXT,
  title={ConTEXT},
  address ={http://www.contexteditor.org/fr/},
}

@URL{Texnicenter,
  title={TeXnicenter},
  address ={http://www.toolscenter.org/front_content.php?idcat=50},
}

@URL{Mayura,
  title={Mayura},
  address ={http://www.mayura.com/},
}

@URL{OpenOffice,
  title={OpenOffice},
  address ={http://www.openoffice.org/},
}

@URL{Gimp,
  title={Gimp},
  address ={http://www.gimp-fr.org/},
}

@URL{Inkscape,
  title={Inkscape},
  address ={http://www.inkscape.org/},
}

@URL{listings,
  title={Package listings},
  address ={ftp://tug.ctan.org/pub/tex-archive/macros/latex/contrib/listings/listings.pdf},
}

@BOOK{LatexCompanion,
  AUTHOR =       {Franck Mittelbach and Michel Goosens},
  TITLE =        {Latex Compagnion},
  PUBLISHER =    {Pearson Education},
  YEAR =         {2004},
}

@URL{lshort,
  title={The Not So Short Introduction to \LaTeX},
  address ={http://www.ctan.org/tex-archive/info/lshort/},
}

@URL{mshort,
  title={Short Math Guide for LATEX},
  address ={ftp://ftp.ams.org/pub/tex/doc/amsmath/short-math-guide.pdf}
}